@misc{cite1,
title={The risk of a major nuclear accident: calculation and perception of probabilities._2013}, url={https://hal-mines-paristech.archives-ouvertes.fr/hal-00795152v2/document}, journal={The risk of a major nuclear accident: calculation and perception of probabilities.}, year={2013}, month={Jul}}

@misc{cite2,
title={What Is the Probability of a Mega-quake Striking Japan in the Future?: NHK WORLD-JAPAN News}, url={https://www3.nhk.or.jp/nhkworld/en/news/backstories/169/}, journal={NHK WORLD}, publisher={NHK WORLD}, author={Nhk and Japan Broadcasting Corporation}, year={2019}, month={Jun}}

@misc{cite3, url={https://www.frontiersin.org/articles/10.3389/fbuil.2016.00025/full#B31}}

@misc{cite5, url={https://en.wikipedia.org/wiki/2011_Tohoku_earthquake_and_tsunami}}

@misc{cite6, title={What Is the Probability of a Mega-quake Striking Japan in the Future?: NHK WORLD-JAPAN News}, url={https://www3.nhk.or.jp/nhkworld/en/news/backstories/169/}, journal={NHK WORLD}, publisher={NHK WORLD}, author={Nhk and Japan Broadcasting Corporation}, year={2019}, month={Jun}}

@misc{cite7, title={Search Earthquake Catalog}, url={https://earthquake.usgs.gov/earthquakes/search/}, journal={U.S. Geological Survey}}

@misc{cite8, title={Gutenberg–Richter law}, url={https://en.wikipedia.org/wiki/Gutenberg–Richter_law}, journal={Wikipedia}, publisher={Wikimedia Foundation}, year={2020}, month={Jan}}

@misc{cite9, title={Reliability Analysis Of Nuclear Power Plant Protective Systems.}, url={https://www.osti.gov/servlets/purl/4568767}, journal={Reliability Analysis Of Nuclear Power Plant Protective Systems. (Technical Report) | OSTI.GOV}, author={Garrick and Goldfisher and Karcher and H., R. and Shimizu and Wilson and H., J.}, year={1967}, month={May}}

@misc{cite10, title={Fast Non-Leakage Probability}, url={https://www.nuclear-power.net/nuclear-power/reactor-physics/nuclear-fission-chain-reaction/fast-non-leakage-probability/}}

@misc{cite11, title={Thermal Non-Leakage Probability}, url={https://www.nuclear-power.net/nuclear-power/reactor-physics/nuclear-fission-chain-reaction/thermal-non-leakage-probability/}}

@misc{cite12, title={Resonance Escape Probability}, url={https://www.nuclear-power.net/nuclear-power/reactor-physics/nuclear-fission-chain-reaction/resonance-escape-probability/}}

@misc{cite13, title={Neutron Leakage}, url={https://www.nuclear-power.net/nuclear-power/reactor-physics/neutron-diffusion-theory/neutron-leakage/}}

@misc{cite14, title={Predicting the Maximum Earthquake Magnitude from Seismic Data in Israel and Its Neighboring Countries}, url={https://www.ncbi.nlm.nih.gov/pmc/articles/PMC4727930/}, journal={PloS one}, publisher={Public Library of Science}, author={Last, Mark and Rabinowitz, Nitzan and Leonard, Gideon}, year={2016}, month={Jan}}

@misc{cite15, title={IAEA's ENDF Database and TENDL-2017 Library}, url={https://www-nds.iaea.org/exfor/endf.htm}}

@article{citenp,
       author = {Travis E. Oliphant},
        title = "{A guide to NumPy}",
      year = "2006",
}

@article{citepd,
    title={pandas: a foundational Python library for data analysis and statistics},
    author={Wes McKinney},
    journal={Python for High Performance and Scientific Computing},
    volume={14},
    year={2011}
}

@article{citeipy,
    title={IPython: A System for Interactive Scientific Computing},
    author={Fernando Pérez and Brian E. Granger},
    journal={Computing in Science & Engineering},
    volume={9},
    pages={21-29}
    year={2007},
    doi={DOI:10.1109/MCSE.2011.37},
}

@article{citeplt,
    title={Matplotlib: A 2D Graphics Environment},
    author={John D. Hunter},
    journal={Computing in Science & Engineering},
    volume={9},
    pages={90-95}
    year={2007},
    doi={DOI:10.1109/MCSE.2007.55},
}

@misc{citetf,
title={{TensorFlow}: Large-Scale Machine Learning on Heterogeneous Systems},
url={http://tensorflow.org/},
note={Software available from tensorflow.org},
author={
    Mart\'{\i}n~Abadi and
    Ashish~Agarwal and
    Paul~Barham and
    Eugene~Brevdo and
    Zhifeng~Chen and
    Craig~Citro and
    Greg~S.~Corrado and
    Andy~Davis and
    Jeffrey~Dean and
    Matthieu~Devin and
    Sanjay~Ghemawat and
    Ian~Goodfellow and
    Andrew~Harp and
    Geoffrey~Irving and
    Michael~Isard and
    Yangqing Jia and
    Rafal~Jozefowicz and
    Lukasz~Kaiser and
    Manjunath~Kudlur and
    Josh~Levenberg and
    Dan~Man\'{e} and
    Rajat~Monga and
    Sherry~Moore and
    Derek~Murray and
    Chris~Olah and
    Mike~Schuster and
    Jonathon~Shlens and
    Benoit~Steiner and
    Ilya~Sutskever and
    Kunal~Talwar and
    Paul~Tucker and
    Vincent~Vanhoucke and
    Vijay~Vasudevan and
    Fernanda~Vi\'{e}gas and
    Oriol~Vinyals and
    Pete~Warden and
    Martin~Wattenberg and
    Martin~Wicke and
    Yuan~Yu and
    Xiaoqiang~Zheng},
  year={2015},
}
